<record xmlns="http://www.loc.gov/MARC21/slim" xmlns:xsi="http://www.w3.org/2001/XMLSchema-instance" xsi:schemaLocation="http://www.loc.gov/MARC21/slim http://www.loc.gov/standards/marcxml/schema/MARC21slim.xsd"><leader>     nam a22        4500</leader><controlfield tag="001">3058909</controlfield><controlfield tag="003">NNC</controlfield><controlfield tag="006">m        d        </controlfield><controlfield tag="007">cr cn |||m|||a</controlfield><controlfield tag="008">150316s1963    ir a    o     001 0 ara d</controlfield><datafield ind1=" " ind2=" " tag="040"><subfield code="a">NNU</subfield><subfield code="b">eng</subfield><subfield code="e">rda</subfield><subfield code="c">NNU</subfield></datafield><datafield ind1=" " ind2=" " tag="043"><subfield code="a">a-iq---</subfield></datafield><datafield ind1=" " ind2="4" tag="050"><subfield code="a">BP193.1</subfield><subfield code="b">.I27 1963</subfield></datafield><datafield ind1="1" ind2=" " tag="100"><subfield code="6">880-01</subfield><subfield code="a">Ibn T&#803;a&#772;wu&#772;s, Ghiya&#772;th al-Di&#772;n &#699;Abd al-Kari&#772;m ibn Ah&#803;mad,</subfield><subfield code="d">approximately 1251-1294.</subfield></datafield><datafield ind1="1" ind2="0" tag="245"><subfield code="6">880-02</subfield><subfield code="a">Farh&#803;at al-Ghura&#769; fi&#772; ta&#699;yi&#772;n qabr ami&#772;r al-mu&#700;mini&#772;n &#699;Ali&#772; ibn Abi&#772; T&#803;a&#772;lib fi&#772; al-Najaf /</subfield><subfield code="c">ta&#700;li&#772;f Ghiya&#772;th al-Di&#772;n &#699;Abd al-Kari&#772;m ibn Ah&#803;mad Ibn T&#803;a&#772;wu&#772;s.</subfield></datafield><datafield ind1=" " ind2=" " tag="250"><subfield code="6">880-03</subfield><subfield code="a">al-T&#803;ab&#699;ah 2.</subfield></datafield><datafield ind1=" " ind2=" " tag="260"><subfield code="6">880-04</subfield><subfield code="a">al-Najaf :</subfield><subfield code="b">al-Mat&#803;ba&#699;ah al-H&#803;aydari&#772;yah wa maktabatuha&#772;,</subfield><subfield code="c">1963.</subfield></datafield><datafield ind1=" " ind2=" " tag="300"><subfield code="a">online resource (164 pages) :</subfield><subfield code="b">illustrations</subfield></datafield><datafield ind1=" " ind2=" " tag="336"><subfield code="a">text</subfield><subfield code="2">rdacontent</subfield></datafield><datafield ind1=" " ind2=" " tag="337"><subfield code="a">computer</subfield><subfield code="2">rdamedia</subfield></datafield><datafield ind1=" " ind2=" " tag="338"><subfield code="a">online resource</subfield><subfield code="2">rdacarrier</subfield></datafield><datafield ind1=" " ind2=" " tag="500"><subfield code="a">Title on added t.p.: Farhah al-Ghari.</subfield></datafield><datafield ind1=" " ind2=" " tag="500"><subfield code="a">Includes index.</subfield></datafield><datafield ind1=" " ind2=" " tag="500"><subfield code="a">Part of the Arabic Collections Online (ACO) project, contributed by Columbia University Libraries.</subfield></datafield><datafield ind1=" " ind2=" " tag="533"><subfield code="a">Electronic reproduction.</subfield><subfield code="b">New York, N.Y. :</subfield><subfield code="c">New York University,</subfield><subfield code="d">2015.</subfield><subfield code="5">NNU</subfield></datafield><datafield ind1="0" ind2="0" tag="600"><subfield code="6">880-05</subfield><subfield code="a">Muh&#803;ammad,</subfield><subfield code="c">Prophet,</subfield><subfield code="d">-632</subfield><subfield code="x">Family.</subfield></datafield><datafield ind1=" " ind2="0" tag="650"><subfield code="a">Hadith (Shiites)</subfield></datafield><datafield ind1="0" ind2="7" tag="600"><subfield code="a">Muh&#803;ammad,</subfield><subfield code="c">Prophet,</subfield><subfield code="d">-632.</subfield><subfield code="2">fast</subfield><subfield code="0">(OCoLC)fst01836298</subfield></datafield><datafield ind1=" " ind2="7" tag="650"><subfield code="a">Families.</subfield><subfield code="2">fast</subfield><subfield code="0">(OCoLC)fst01728849</subfield></datafield><datafield ind1=" " ind2="7" tag="650"><subfield code="a">Hadith (Shiites)</subfield><subfield code="2">fast</subfield><subfield code="0">(OCoLC)fst00950138</subfield></datafield><datafield ind1="2" ind2=" " tag="710"><subfield code="a">Columbia University.</subfield><subfield code="b">Libraries.</subfield></datafield><datafield ind1="0" ind2=" " tag="730"><subfield code="a">Arabic Collections Online.</subfield></datafield><datafield ind1="0" ind2=" " tag="740"><subfield code="6">880-06</subfield><subfield code="a">Farhah al-Ghari.</subfield></datafield><datafield ind1="0" ind2="8" tag="776"><subfield code="i">Online version:</subfield><subfield code="a">&#700;Ibn T&#803;a&#772;wu&#772;s, Ghiya&#772;th &#700;al-Di&#772;n &#699;Abd &#700;al-Kari&#772;m ibn &#700;Ah&#803;mad, approximately 1251-1294.</subfield><subfield code="t">Farh&#803;at &#700;al-Ghura&#769; fi&#772; ta&#699;yi&#772;n qabr &#700;amir &#700;al-mu&#700;mini&#772;n &#699;Ali&#772; ibn &#700;Abi&#772; T&#803;a&#772;lib fi&#772; &#700;al-Najaf.</subfield><subfield code="b">&#700;al-T&#803;ab&#699;ah 2.</subfield><subfield code="d">&#700;al-Najaf : &#700;al-Mat&#803;ba&#699;ah &#700;al-H&#803;aydari&#772;yah wa-maktabatuha&#772;</subfield><subfield code="w">(OCoLC)647583448</subfield></datafield><datafield ind1="0" ind2="8" tag="776"><subfield code="i">Print version:</subfield><subfield code="a">Ibn T&#803;a&#772;wu&#772;s, Ghiya&#772;th al-Di&#772;n &#699;Abd al-Kari&#772;m ibn Ah&#803;mad, approximately 1251-1294.</subfield><subfield code="t">Farh&#803;at al-Ghura&#769; fi&#772; ta&#699;yi&#772;n qabr ami&#772;r al-mu&#700;mini&#772;n &#699;Ali&#772; ibn Abi&#772; T&#803;a&#772;lib fi&#772; al-Najaf</subfield><subfield code="w">(NNC)3058909</subfield><subfield code="w">(DLC)   73202075 </subfield><subfield code="w">(OCoLC)85070998</subfield></datafield><datafield ind1="4" ind2="0" tag="856"><subfield code="u">http://hdl.handle.net/2333.1/gf1vhkxj</subfield></datafield><datafield ind1="1" ind2=" " tag="880"><subfield code="6">100-01/r</subfield><subfield code="a">&#1575;&#1576;&#1606; &#1591;&#1575;&#1608;&#1608;&#1587;&#1548; &#1594;&#1610;&#1575;&#1579; &#1575;&#1604;&#1583;&#1610;&#1606; &#1593;&#1576;&#1583; &#1575;&#1604;&#1603;&#1585;&#1610;&#1605; &#1576;&#1606; &#1575;&#1581;&#1605;&#1583;&#1548;</subfield><subfield code="d">approximately 1251-1294.</subfield></datafield><datafield ind1="1" ind2="0" tag="880"><subfield code="6">245-02/r</subfield><subfield code="a">&#1601;&#1585;&#1581;&#1577; &#1575;&#1604;&#1594;&#1585;&#1609; &#1601;&#1610; &#1578;&#1593;&#1610;&#1610;&#1606; &#1602;&#1576;&#1585; &#1575;&#1605;&#1610;&#1585; &#1575;&#1604;&#1605;&#1572;&#1605;&#1606;&#1610;&#1606; &#1593;&#1604;&#1610; &#1576;&#1606; &#1571;&#1576;&#1610; &#1591;&#1575;&#1604;&#1576; &#1601;&#1610; &#1575;&#1604;&#1606;&#1580;&#1601; /</subfield><subfield code="c">&#1578;&#1571;&#1604;&#1610;&#1601; &#1594;&#1610;&#1575;&#1579; &#1575;&#1604;&#1583;&#1610;&#1606; &#1593;&#1576;&#1583; &#1575;&#1604;&#1603;&#1585;&#1610;&#1605; &#1576;&#1606; &#1571;&#1581;&#1605;&#1583; &#1575;&#1576;&#1606; &#1591;&#1575;&#1608;&#1608;&#1587;.</subfield></datafield><datafield ind1=" " ind2=" " tag="880"><subfield code="6">250-03/r</subfield><subfield code="a">&#1575;&#1604;&#1591;&#1576;&#1593;&#1577; 2.</subfield></datafield><datafield ind1=" " ind2=" " tag="880"><subfield code="6">260-04/r</subfield><subfield code="a">&#1575;&#1604;&#1606;&#1580;&#1601; :</subfield><subfield code="b">&#1575;&#1604;&#1605;&#1591;&#1576;&#1593;&#1577; &#1575;&#1604;&#1581;&#1610;&#1583;&#1585;&#1610;&#1577; &#1608; &#1605;&#1603;&#1578;&#1576;&#1578;&#1607;&#1575;&#1548;</subfield><subfield code="c">1963.</subfield></datafield><datafield ind1="0" ind2="4" tag="880"><subfield code="6">600-05/r</subfield><subfield code="a">&#1605;&#1581;&#1605;&#1583;</subfield><subfield code="c">&#1575;&#1606;&#1576;&#1610;.</subfield></datafield><datafield ind1="0" ind2=" " tag="880"><subfield code="6">740-06/r</subfield><subfield code="a">&#1601;&#1585;&#1607;&#1577; &#1575;&#1604;&#1594;&#1585;.</subfield></datafield><datafield ind1=" " ind2=" " tag="959"><subfield code="a">NNU</subfield><subfield code="b">WEB</subfield><subfield code="c">GENI</subfield><subfield code="t">0</subfield><subfield code="m">Electronic access</subfield><subfield code="s">01</subfield></datafield><datafield ind1=" " ind2=" " tag="999"><subfield code="i">NNC_3058909</subfield><subfield code="o">(OCoLC)ocm85070998</subfield><subfield code="e">(ERROR-880)</subfield><subfield code="s">columbia_aco000355</subfield></datafield></record>